@article{cohen2011superlative,
  title={Superlative quantifiers as modifiers of meta-speech acts},
  author={Cohen, Ariel and Krifka, Manfred},
  journal={The Baltic international yearbook of cognition, logic and communication},
  volume={6},
  number={0},
  pages={1--56},
  year={2011}
}

@article{coppock2013raising,
  title={Raising and resolving issues with scalar modifiers},
  author={Coppock, Elizabeth and Brochhagen, Thomas},
  journal={Semantics and Pragmatics},
  volume={6},
  pages={3--1},
  year={2013}
}

@article{zhang2021semantics,
  title={The semantics of comparatives: A difference-based approach},
  author={Zhang, Linmin and Ling, Jia},
  journal={Journal of Semantics},
  volume={38},
  number={2},
  pages={249--303},
  year={2021},
  publisher={Oxford University Press}
}


@article{docekal_upper_2017,
	title = {Upper bounded and un-bounded ‘no more’},
	volume = {64},
	number = {2},
	journal = {Acta Linguistica Academica. An International Journal of Linguistics (Until 2016 Acta Linguistica Hungarica)},
	author = {Dočekal, Mojmír},
	year = {2017},
	pages = {213--231},
	file = {Snapshot:/home/mojmir/Zotero/storage/VFJD22WI/article-detail.html:text/html}
}


@article{jasinskaja_information_2012,
	title = {Information {Structure} in {Slavic}},
	journal = {Handbook of Information Structure},
	author = {Jasinskaja, Katja},
	year = {2012}
}


@article{kennedy2015fregean,
  title={A" de-Fregean" semantics (and neo-Gricean pragmatics) for modified and unmodified numerals},
  author={Kennedy, Christopher},
  journal={Semantics and Pragmatics},
  volume={8},
  pages={10--1},
  year={2015}
}

@article{nouwen2010two,
  title={Two kinds of modified numerals},
  author={Nouwen, Rick},
  journal={Semantics and Pragmatics},
  volume={3},
  pages={3--1},
  year={2010}
}

@article{horn1973semantic,
  title={On the semantic properties of logical operators in English.},
  author={Horn, Laurence Robert},
  year={1973}
}

@article{coffey1951frege,
  title={FREGE, GOTTLOB." The Foundations of Arithmetic"},
  author={Coffey, Brian},
  year={1951}
}

@inproceedings{buring2008least,
  title={The least at least can do},
  author={B{\"u}ring, Daniel},
  booktitle={Proceedings of WCCFL},
  volume={26},
  pages={114--120},
  year={2008},
  organization={Cascadilla Press Somerville, MA}
}

@article{cummins2010comparative,
  title={Comparative and superlative quantifiers: Pragmatic effects of comparison type},
  author={Cummins, Chris and Katsos, Napoleon},
  journal={Journal of Semantics},
  volume={27},
  number={3},
  pages={271--305},
  year={2010},
  publisher={Oxford University Press}
}

@inproceedings{alexandropoulou2016pragmatic,
  title={Pragmatic inferences with numeral modifiers: Novel experimental data},
  author={Alexandropoulou, Stavroula and Dotlacil, Jakub and McNabb, Yaron and Nouwen, Rick},
  booktitle={Semantics and Linguistic Theory},
  volume={25},
  pages={533--549},
  year={2016}
}

@misc{dočekal_2020,
title={Against class A treatment of no more: Experimental evidence from Czech},
author={Dočekal, Mojmír},
year={2020}
}

@article{portner2005meaning,
  title={What is meaning?: Fundamentals of formal semantics},
  author={Portner, Paul},
  year={2005}
}

@incollection{grice1975logic,
  title={Logic and conversation},
  author={Grice, Herbert P},
  booktitle={Speech acts},
  pages={41--58},
  year={1975},
  publisher={Brill}
}

@misc{machálek_2014, place={Praha}, title={KonText – aplikace pro práci s jazykovými korpusy}, url={http://kontext.korpus.cz/}, journal={Český národní korpus}, publisher={FF UK}, author={Machálek, Tomáš}, year={2014} }



@Manual{RStudio2015, 
title = {RStudio: Integrated Development Environment for R}, 
author = {{RStudio Team}}, 
organization = {RStudio, Inc.}, 
address = {Boston, MA}, 
year = {2015}, 
url = {http://www.rstudio.com/}, }

@phdthesis{blok2019scope,
  title={Scope Oddity: On the semantic and pragmatic interactions of modified numerals, negative indefinites, focus operators, and modals},
  author={Blok, Dominique},
  year={2019},
  school={LOT}
}


@article{geurts2007least,
  title={'At least'et al.: the semantics of scalar modifiers},
  author={Geurts, Bart and Nouwen, Rick},
  journal={Language},
  pages={533--559},
  year={2007},
  publisher={JSTOR}
}

@inbook{mayr_2013, place={Cambridge}, title={Implicatures of modified numerals}, DOI={10.1017/CBO9781139519328.009}, booktitle={From Grammar to Meaning: The Spontaneous Logicality of Language}, publisher={Cambridge University Press}, author={Mayr, Clemens}, editor={Caponigro, Ivano and Cecchetto, CarloEditors}, year={2013}, pages={139–171}}

@article{nouwen2008upper,
  title={Upper-bounded no more: the exhaustive interpretation of non-strict comparison},
  author={Nouwen, Rick},
  journal={Natural Language Semantics},
  volume={16},
  number={4},
  pages={271--295},
  year={2008},
  publisher={Springer}
}

@article{nouwen2015modified,
  title={Modified numerals: The epistemic effect},
  author={Nouwen, Rick},
  journal={Epistemic indefinites},
  pages={244--266},
  year={2015},
  publisher={Citeseer}
}

@article{levinson1983pragmatics,
  title={Pragmatics},
  author={Levinson, Stephen C},
  year={1983},
  publisher={Cambridge university press}
}

@article{fox2006universal,
  title={The universal density of measurement},
  author={Fox, Danny and Hackl, Martin},
  journal={Linguistics and Philosophy},
  volume={29},
  number={5},
  pages={537--586},
  year={2006},
  publisher={Springer}
}

@inproceedings{schwarz2013least,
  title={At least and quantity implicature: Choices and consequences},
  author={Schwarz, Bernhard},
  booktitle={Proceedings of the 19th amsterdam colloquium},
  pages={187--194},
  year={2013}
}

@article{mcnabb2015experimental,
  title={An experimental investigation of ignorance inferences and authoritative interpretations of superlative modifiers},
  author={McNabb, Yaron and Penka, Doris},
  journal={Under review},
  year={2015}
}

@article{coppock2013raising,
  title={Raising and resolving issues with scalar modifiers},
  author={Coppock, Elizabeth and Brochhagen, Thomas},
  journal={Semantics and Pragmatics},
  volume={6},
  pages={3--1},
  year={2013}
}
